@book{Gollmann2011cs,
  author={Gollmann, Dieter},
  title={Computer Security},
  publisher={Wiley},
  address={Chichester, West Sussex, U.K.},
  year={2011},
  edition={3},
  ISBN={9780470741153 (pbk.)},
  keywords={IT-s{\"a}kerhet},
}

